<?xml version="1.0" encoding="UTF-8"?><collection xmlns="http://www.loc.gov/MARC21/slim"><record><leader>00522nam--2200193-i-4500</leader><controlfield tag="001">000042984</controlfield><controlfield tag="002">20161230</controlfield><controlfield tag="005">20161230201043</controlfield><controlfield tag="008">060222s1000------------r-----000-0-rum-d</controlfield><datafield ind1=" " ind2=" " tag="040"><subfield code="a">IFIN-HH</subfield></datafield><datafield ind1=" " ind2=" " tag="041"><subfield code="a">rum</subfield></datafield><datafield ind1=" " ind2=" " tag="080"><subfield code="a">519.876</subfield></datafield><datafield ind1="1" ind2=" " tag="100"><subfield code="a">Tertisco, Mihai</subfield></datafield><datafield ind1="1" ind2="0" tag="245"><subfield code="a">Identificarea si estimarea parametrilor sistemelor</subfield><subfield code="c">Mihal tertisco, petre stoica</subfield></datafield><datafield ind1=" " ind2=" " tag="260"><subfield code="a">Bucuresti</subfield><subfield code="b">Editura Academiei Rsr</subfield><subfield code="c">1980</subfield></datafield><datafield ind1=" " ind2=" " tag="300"><subfield code="a">290 P</subfield></datafield><datafield ind1="1" ind2=" " tag="700"><subfield code="a">Stoica, Petre</subfield></datafield><datafield ind1=" " ind2=" " tag="852"><subfield code="a">48612</subfield><subfield code="c">519.4/5</subfield></datafield><datafield ind1=" " ind2=" " tag="CAT"><subfield code="a">Sys</subfield><subfield code="c">20130814</subfield><subfield code="h">145244</subfield></datafield></record></collection>